%% This BibTeX bibliography file was created using BibDesk.
%% http://bibdesk.sourceforge.net/


%% Created for Michael Traver at 2014-05-07 21:39:09 -0400 


%% Saved with string encoding Unicode (UTF-8) 



@misc{hobbytronics14,
	Author = {HobbyTronics},
	Date-Added = {2014-05-08 01:38:18 +0000},
	Date-Modified = {2014-05-08 01:39:06 +0000},
	Howpublished = {\url{http://www.hobbytronics.co.uk/mosfet-voltage-level-converter}},
	Title = {{Bi-Directional MOSFET Voltage Level Converter 3.3V to 5V}},
	Year = {2014}}

@misc{rn52CommandRef,
	Author = {{Roving Networks}},
	Date-Added = {2014-05-08 00:49:52 +0000},
	Date-Modified = {2014-05-08 00:51:24 +0000},
	Howpublished = {\url{http://ww1.microchip.com/downloads/en/DeviceDoc/rn-bt-audio-ug-2.0r.pdf}},
	Month = {March 20,},
	Title = {{Bluetooth Audio Module Command Reference User's Guide}},
	Year = {2013}}

@misc{rn52Datasheet,
	Author = {Roving Networks},
	Date-Added = {2014-05-08 00:46:59 +0000},
	Date-Modified = {2014-05-08 00:50:48 +0000},
	Howpublished = {\url{http://ww1.microchip.com/downloads/en/DeviceDoc/rn-52-ds-1.1r.pdf}},
	Month = {March 20,},
	Title = {{RN52 Bluetooth Audio Module}},
	Year = {2013}}

@misc{pete05,
	Author = {{Pete-O from Sparkfun}},
	Date-Added = {2014-05-07 23:50:29 +0000},
	Date-Modified = {2014-05-07 23:52:54 +0000},
	Howpublished = {\url{https://www.sparkfun.com/tutorials/50}},
	Month = {March 4,},
	Title = {{High Voltage Ringer}},
	Year = {2005}}

@misc{sparkfun14,
	Author = {SparkFun},
	Date-Added = {2014-05-07 20:05:20 +0000},
	Date-Modified = {2014-05-07 20:07:05 +0000},
	Howpublished = {\url{https://www.sparkfun.com/products/retired/8929}},
	Title = {{Bluetooth Portable Rotary Phone}}}

@misc{seidle05,
	Author = {Nathan Seidle},
	Date-Added = {2014-05-07 19:43:09 +0000},
	Date-Modified = {2014-05-07 23:56:41 +0000},
	Howpublished = {\url{https://www.sparkfun.com/tutorials/51}},
	Month = {January 17,},
	Title = {{Port-O-Rotary}},
	Year = {2005}}
